@inproceedings{fan2016video,
  title={Video-based emotion recognition using CNN-RNN and C3D hybrid networks},
  author={Fan, Yin and Lu, Xiangju and Li, Dian and Liu, Yuanliu},
  booktitle={Proceedings of the 18th ACM International Conference on Multimodal Interaction},
  pages={445--450},
  year={2016},
  organization={ACM}
}