@MISC{wiki-en,
      month = "May",
      year = 2017,
	    note= "Phrases from The Hitchhiker's Guide to the Galaxy",
      howpublished = "\url{http://en.wikipedia.org/wiki/Phrases_from_The_Hitchhiker's_Guide_to_the_Galaxy}",
}
@MISC{wiki-ru,
      month = "March",
      year = 2017,
	  note= "Ответ на главный вопрос жизни, вселенной и всего такого",
      howpublished = "\href{http://ru.wikipedia.org/wiki/%D0%9E%D1%82%D0%B2%D0%B5%D1%82_%D0%BD%D0%B0_%D0%B3%D0%BB%D0%B0%D0%B2%D0%BD%D1%8B%D0%B9_%D0%B2%D0%BE%D0%BF%D1%80%D0%BE%D1%81_%D0%B6%D0%B8%D0%B7%D0%BD%D0%B8,_%D0%B2%D1%81%D0%B5%D0%BB%D0%B5%D0%BD%D0%BD%D0%BE%D0%B9_%D0%B8_%D0%B2%D1%81%D0%B5%D0%B3%D0%BE_%D1%82%D0%B0%D0%BA%D0%BE%D0%B3%D0%BE}{https://ru.wikipedia.org/wiki/Ответ_на_главный_вопрос_жизни,_вселенной_и_всего_такого}",
}
@MISC{ans-picture,
      month = "April",
      year = 2014,
	  note= "File:Answer to Life.png",
      howpublished = "\url{http://en.wikipedia.org/wiki/File:Answer_to_Life.png}",
}
